@book{guia_galicia,
	edition={1},
	series={1},
	title={Guía de recomendaciones: Técnicas para el proyecto integral de parques empresariales en Galicia},
	publisher={Xunta de Galicia. Instituto galego da vivenda},
	author={Fontán, S. López and García de Leaniz, C. López and García, R. González},
	collection={1},
	year={2009},
	doi={C969-2009}
}

@ARTICLE{5783900,
	author={Smith, Adam M. and Mateas, Michael},
	journal={IEEE Transactions on Computational Intelligence and AI in Games}, 
	title={Answer Set Programming for Procedural Content Generation: A Design Space Approach}, 
	year={2011},
	volume={3},
	number={3},
	pages={187-200},
	doi={10.1109/TCIAIG.2011.2158545}}

@InProceedings{stablemodels,
	title={The stable model semantics for logic programming.},
	author={Gelfond, Michael and Lifschitz, Vladimir},
	booktitle={Proceedings of International Logic Programming Conference and Symposium},
	volume={88},
	pages={1070-1080},
	year={1988}
}

@article{Parker:2013:GRT:2447976.2447997,
	author = {Parker, Steven G. and Friedrich, Heiko and Luebke, David and Morley, Keith and Bigler, James and Hoberock, Jared and McAllister, David and Robison, Austin and Dietrich, Andreas and Humphreys, Greg and McGuire, Morgan and Stich, Martin},
	title = {GPU Ray Tracing},
	journal = {Commun. ACM},
	issue_date = {May 2013},
	volume = {56},
	number = {5},
	month = may,
	year = {2013},
	issn = {0001-0782},
	pages = {93--101},
	numpages = {9},
	url = {http://doi.acm.org/10.1145/2447976.2447997},
	doi = {10.1145/2447976.2447997},
	acmid = {2447997},
	publisher = {ACM},
	address = {New York, NY, USA},
} 


@INPROCEEDINGS{5286468, 
	author={E. J. Hastings and R. K. Guha and K. O. Stanley}, 
	booktitle={2009 IEEE Symposium on Computational Intelligence and Games}, 
	title={Evolving content in the Galactic Arms Race video game}, 
	year={2009}, 
	volume={}, 
	number={}, 
	pages={241-248}, 
	keywords={computer games;human computer interaction;video signal processing;galactic arms race video game;content-generating neuroevolution;augmenting topologies algorithm;particle system weapons;Arm;Games;Weapons;Machine learning;Topology;Costs;Streaming media;Marine vehicles;Evolutionary computation;Artificial neural networks}, 
	doi={10.1109/CIG.2009.5286468}, 
	ISSN={2325-4270}, 
	month={Sept},}

@misc{parkin_2016, title={A Science Fictional Universe Created by Algorithms}, url={https://www.technologyreview.com/s/529136/no-mans-sky-a-vast-game-crafted-by-algorithms/}, journal={MIT Technology Review}, publisher={MIT Technology Review}, author={Parkin, Simon}, year={2016}, month={May}}

@article{Whitted:1980:IIM:358876.358882,
	author = {Whitted, Turner},
	title = {An Improved Illumination Model for Shaded Display},
	journal = {Commun. ACM},
	issue_date = {June 1980},
	volume = {23},
	number = {6},
	month = jun,
	year = {1980},
	issn = {0001-0782},
	pages = {343--349},
	numpages = {7},
	url = {http://doi.acm.org/10.1145/358876.358882},
	doi = {10.1145/358876.358882},
	acmid = {358882},
	publisher = {ACM},
	address = {New York, NY, USA},
	keywords = {computer animation, computer graphics, raster displays, shading, visible surface algorithms},
} 

@book{Schwaber:2001:ASD:559553,
	author = {Schwaber, Ken and Beedle, Mike},
	title = {Agile Software Development with Scrum},
	year = {2001},
	isbn = {0130676349},
	edition = {1st},
	publisher = {Prentice Hall PTR},
	address = {Upper Saddle River, NJ, USA},
}

@book{Schwaber:2004:APM:984028,
	author = {Schwaber, Ken},
	title = {Agile Project Management With Scrum},
	year = {2004},
	isbn = {073561993X},
	publisher = {Microsoft Press},
	address = {Redmond, WA, USA},
}

@misc{freeciv-editor,
	author = {Alcalde Azpiazu, Rafael},
	title = {Scenario Generation for a 2D Videogame using Logic Programming},
	year = {2018},
	organization = {Universidade da Coru\~{n}a},
	url = {https://github.com/NEKERAFA/FreeCiv-Editor/blob/master/docs/report/AlcaldeAzpiazu_Rafael_TFG_2018.pdf}
}

@misc{haspie,
	author = {Mart\'{i}n Prieto, Rodrigo},
	title = {Herramienta para armonizaci\'{o}n musical
	mediante Answer Set Programming},
	year = {2017},
	organization = {Universidade da Coru\~{n}a},
	url = {https://github.com/Trigork/haspie/blob/master/docs/tech_report/root.pdf}
}

@article{DBLP:journals/corr/abs-1006-4948,
	author    = {Georg Boenn and
	Martin Brain and
	Marina De Vos and
	John ffitch},
	title     = {Automatic Music Composition using Answer Set Programming},
	journal   = {CoRR},
	volume    = {abs/1006.4948},
	year      = {2010},
	url       = {http://arxiv.org/abs/1006.4948},
	archivePrefix = {arXiv},
	eprint    = {1006.4948},
	timestamp = {Mon, 13 Aug 2018 16:47:26 +0200},
	biburl    = {https://dblp.org/rec/bib/journals/corr/abs-1006-4948},
	bibsource = {dblp computer science bibliography, https://dblp.org}
}

@article{Robinson65,
	author = {Robinson, J. A.},
	title = {A Machine-Oriented Logic Based on the Resolution Principle},
	journal = {J. ACM},
	issue_date = {Jan. 1965},
	volume = {12},
	number = {1},
	month = jan,
	year = {1965},
	issn = {0004-5411},
	pages = {23--41},
	numpages = {19},
	url = {http://doi.acm.org/10.1145/321250.321253},
	doi = {10.1145/321250.321253},
	acmid = {321253},
	publisher = {ACM},
	address = {New York, NY, USA},
}

@incollection{negation,
	author = {Clark, K. L.},
	chapter = {Negation As Failure},
	title = {Readings in Nonmonotonic Reasoning},
	editor = {Ginsberg, Matthew L.},
	year = {1987},
	isbn = {0-934613-45-1},
	pages = {311--325},
	numpages = {15},
	url = {http://dl.acm.org/citation.cfm?id=42641.42664},
	acmid = {42664},
	publisher = {Morgan Kaufmann Publishers Inc.},
	address = {San Francisco, CA, USA},
}

@article{aggregate,
	author = {Faber, Wolfgang and Pfeifer, Gerald and Leone, Nicola and Dell'armi, Tina and Ielpa, Giuseppe},
	title = {Design and Implementation of Aggregate Functions in the Dlv System*},
	journal = {Theory Pract. Log. Program.},
	issue_date = {November 2008},
	volume = {8},
	number = {5-6},
	month = nov,
	year = {2008},
	issn = {1471-0684},
	pages = {545--580},
	numpages = {36},
	url = {http://dx.doi.org/10.1017/S1471068408003323},
	doi = {10.1017/S1471068408003323},
	acmid = {1520119},
	publisher = {Cambridge University Press},
	address = {New York, NY, USA},
	keywords = {aggregates, answer set programming, disjunctive logic programming, implementation, knowledge representation},
}

@article{nonmonotonic,
	title = "Nonmonotonic logic and temporal projection",
	journal = "Artificial Intelligence",
	volume = "33",
	number = "3",
	pages = "379 - 412",
	year = "1987",
	issn = "0004-3702",
	doi = "https://doi.org/10.1016/0004-3702(87)90043-9",
	url = "http://www.sciencedirect.com/science/article/pii/0004370287900439",
	author = "Steve Hanks and Drew McDermott"
}

@misc{gplv3,
	title        = {GNU General Public License},
	version      = {3},
	shorthand    = {GPL},
	organization = {Free Software Foundation},
	url          = {http://www.gnu.org/licenses/gpl.html},
	pagination   = {section},
	language     = {english},
	date         = {2007-06-29}
}

@misc{guiasalarial,
	title        = {Gu\'{i}a Salarial del Sector TI en Galicia},
	organization = {Vitae Consultores},
	year         = {2016}
}

@misc{vcs2016,
	title        = {Version Control Systems Popularity in 2016},
	organization = {RhodeCode},
	url          = {https://rhodecode.com/insights/version-control-systems-2016},
	pagination   = {section},
	language     = {english},
	date         = {2016-06-18}
}

@misc{iana_2006,
	title={Service Name and Transport Protocol Port Number Registry},
	url={https://www.iana.org/assignments/service-names-port-numbers/service-names-port-numbers.xhtml?search=5556},
	journal={Service Name and Transport Protocol Port Number Registry},
	organization={IANA},
	year={2006},
	month={Jan}
}

@techreport{JSON,
	citeulike-article-id = {13414849},
	citeulike-linkout-0 = {http://www.ecma-international.org/publications/files/ECMA-ST/ECMA-404.pdf},
	edition = {1st Edition},
	institution = {ECMA},
	key = {JSON},
	keywords = {ecma, json},
	month = oct,
	number = {Standard ECMA-404 1st Edition / October 2013},
	posted-at = {2014-10-31 11:59:00},
	priority = {2},
	title = {{The JSON Data Interchange Format}},
	url = {http://www.ecma-international.org/publications/files/ECMA-ST/ECMA-404.pdf},
	year = {2013}
}

@article{desing,
	author = {M. Smith, Adam and Mateas, Michael},
	year = {2011},
	month = {10},
	pages = {187 - 200},
	title = {Answer Set Programming for Procedural Content Generation: A Design Space Approach},
	volume = {3},
	booktitle = {Computational Intelligence and AI in Games, IEEE Transactions on}
}

@article{asp,
	author = {Brewka, Gerhard and Eiter, Thomas and Truszczy\'{n}ski, Miros\law},
	title = {Answer Set Programming at a Glance},
	journal = {Commun. ACM},
	issue_date = {December 2011},
	volume = {54},
	number = {12},
	month = dec,
	year = {2011},
	issn = {0001-0782},
	pages = {92--103},
	numpages = {12},
	url = {http://doi.acm.org/10.1145/2043174.2043195},
	doi = {10.1145/2043174.2043195},
	acmid = {2043195},
	publisher = {ACM},
	address = {New York, NY, USA},
}

@article{digforasp,
    title = {DigForASP: DIGital FORensics - evidence Analysis via intelligent Systems and Practices},
    booktitle = {COST action CA-17124},
    year = {2018},
    month = oct,
    url = {https://digforasp.uca.es/wp-content/uploads/2020/02/Vatican_Poster_Correct_Version.pdf},
    publisher = {European Cooperation in Science & Technology, Horizon 2020, European Union}
}


    